%YAML 1.1
%TAG !u! tag:unity3d.com,2011:
--- !u!1 &100000
GameObject:
  m_ObjectHideFlags: 1
  m_PrefabParentObject: {fileID: 0}
  m_PrefabInternal: {fileID: 100100000}
  serializedVersion: 4
  m_Component:
  - 4: {fileID: 400002}
  m_Layer: 9
  m_Name: be_swordcontrolEND01_Goal
  m_TagString: Untagged
  m_Icon: {fileID: 0}
  m_NavMeshLayer: 0
  m_StaticEditorFlags: 0
  m_IsActive: 1
--- !u!1 &100002
GameObject:
  m_ObjectHideFlags: 1
  m_PrefabParentObject: {fileID: 0}
  m_PrefabInternal: {fileID: 100100000}
  serializedVersion: 4
  m_Component:
  - 4: {fileID: 400000}
  m_Layer: 9
  m_Name: be_swordcontrolEND01
  m_TagString: Untagged
  m_Icon: {fileID: 0}
  m_NavMeshLayer: 0
  m_StaticEditorFlags: 0
  m_IsActive: 1
--- !u!1 &100004
GameObject:
  m_ObjectHideFlags: 1
  m_PrefabParentObject: {fileID: 0}
  m_PrefabInternal: {fileID: 100100000}
  serializedVersion: 4
  m_Component:
  - 4: {fileID: 400006}
  m_Layer: 9
  m_Name: be_swordA01
  m_TagString: Untagged
  m_Icon: {fileID: 0}
  m_NavMeshLayer: 0
  m_StaticEditorFlags: 0
  m_IsActive: 1
--- !u!1 &100006
GameObject:
  m_ObjectHideFlags: 1
  m_PrefabParentObject: {fileID: 0}
  m_PrefabInternal: {fileID: 100100000}
  serializedVersion: 4
  m_Component:
  - 4: {fileID: 400004}
  - 135: {fileID: 13500000}
  m_Layer: 2
  m_Name: be_spineEND01
  m_TagString: Untagged
  m_Icon: {fileID: 0}
  m_NavMeshLayer: 0
  m_StaticEditorFlags: 0
  m_IsActive: 1
--- !u!1 &100008
GameObject:
  m_ObjectHideFlags: 1
  m_PrefabParentObject: {fileID: 0}
  m_PrefabInternal: {fileID: 100100000}
  serializedVersion: 4
  m_Component:
  - 4: {fileID: 400008}
  m_Layer: 9
  m_Name: bn_spineB01
  m_TagString: Untagged
  m_Icon: {fileID: 0}
  m_NavMeshLayer: 0
  m_StaticEditorFlags: 0
  m_IsActive: 1
--- !u!1 &100010
GameObject:
  m_ObjectHideFlags: 1
  m_PrefabParentObject: {fileID: 0}
  m_PrefabInternal: {fileID: 100100000}
  serializedVersion: 4
  m_Component:
  - 4: {fileID: 400010}
  m_Layer: 9
  m_Name: bn_spineA01
  m_TagString: Untagged
  m_Icon: {fileID: 0}
  m_NavMeshLayer: 0
  m_StaticEditorFlags: 0
  m_IsActive: 1
--- !u!1 &100012
GameObject:
  m_ObjectHideFlags: 1
  m_PrefabParentObject: {fileID: 0}
  m_PrefabInternal: {fileID: 100100000}
  serializedVersion: 4
  m_Component:
  - 4: {fileID: 400012}
  m_Layer: 9
  m_Name: Skin
  m_TagString: Untagged
  m_Icon: {fileID: 0}
  m_NavMeshLayer: 0
  m_StaticEditorFlags: 0
  m_IsActive: 1
--- !u!1 &100014
GameObject:
  m_ObjectHideFlags: 1
  m_PrefabParentObject: {fileID: 0}
  m_PrefabInternal: {fileID: 100100000}
  serializedVersion: 4
  m_Component:
  - 4: {fileID: 400014}
  - 102: {fileID: 10200000}
  - 23: {fileID: 2300002}
  m_Layer: 0
  m_Name: usernameshadow
  m_TagString: Untagged
  m_Icon: {fileID: 0}
  m_NavMeshLayer: 0
  m_StaticEditorFlags: 0
  m_IsActive: 1
--- !u!1 &100016
GameObject:
  m_ObjectHideFlags: 1
  m_PrefabParentObject: {fileID: 0}
  m_PrefabInternal: {fileID: 100100000}
  serializedVersion: 4
  m_Component:
  - 4: {fileID: 400016}
  m_Layer: 9
  m_Name: Null_plessosolare01
  m_TagString: Untagged
  m_Icon: {fileID: 0}
  m_NavMeshLayer: 0
  m_StaticEditorFlags: 0
  m_IsActive: 1
--- !u!1 &100018
GameObject:
  m_ObjectHideFlags: 1
  m_PrefabParentObject: {fileID: 0}
  m_PrefabInternal: {fileID: 100100000}
  serializedVersion: 4
  m_Component:
  - 4: {fileID: 400018}
  m_Layer: 9
  m_Name: ctrl_l_mano01
  m_TagString: Untagged
  m_Icon: {fileID: 0}
  m_NavMeshLayer: 0
  m_StaticEditorFlags: 0
  m_IsActive: 1
--- !u!1 &100020
GameObject:
  m_ObjectHideFlags: 0
  m_PrefabParentObject: {fileID: 0}
  m_PrefabInternal: {fileID: 100100000}
  serializedVersion: 4
  m_Component:
  - 4: {fileID: 400034}
  - 102: {fileID: 10200002}
  - 23: {fileID: 2300004}
  - 114: {fileID: 11400002}
  m_Layer: 0
  m_Name: username
  m_TagString: Untagged
  m_Icon: {fileID: 0}
  m_NavMeshLayer: 0
  m_StaticEditorFlags: 0
  m_IsActive: 1
--- !u!1 &100022
GameObject:
  m_ObjectHideFlags: 0
  m_PrefabParentObject: {fileID: 0}
  m_PrefabInternal: {fileID: 100100000}
  serializedVersion: 4
  m_Component:
  - 4: {fileID: 400036}
  - 198: {fileID: 19800000}
  - 199: {fileID: 19900000}
  m_Layer: 0
  m_Name: HitBlood
  m_TagString: Untagged
  m_Icon: {fileID: 0}
  m_NavMeshLayer: 0
  m_StaticEditorFlags: 0
  m_IsActive: 1
--- !u!1 &100024
GameObject:
  m_ObjectHideFlags: 0
  m_PrefabParentObject: {fileID: 0}
  m_PrefabInternal: {fileID: 100100000}
  serializedVersion: 4
  m_Component:
  - 4: {fileID: 400020}
  - 114: {fileID: 11400000}
  - 136: {fileID: 13600000}
  m_Layer: 14
  m_Name: Proximity
  m_TagString: Untagged
  m_Icon: {fileID: 0}
  m_NavMeshLayer: 0
  m_StaticEditorFlags: 0
  m_IsActive: 1
--- !u!1 &100026
GameObject:
  m_ObjectHideFlags: 0
  m_PrefabParentObject: {fileID: 0}
  m_PrefabInternal: {fileID: 100100000}
  serializedVersion: 4
  m_Component:
  - 4: {fileID: 400024}
  - 108: {fileID: 10800000}
  m_Layer: 9
  m_Name: light
  m_TagString: Untagged
  m_Icon: {fileID: 0}
  m_NavMeshLayer: 0
  m_StaticEditorFlags: 4294967295
  m_IsActive: 1
--- !u!1 &100028
GameObject:
  m_ObjectHideFlags: 0
  m_PrefabParentObject: {fileID: 0}
  m_PrefabInternal: {fileID: 100100000}
  serializedVersion: 4
  m_Component:
  - 4: {fileID: 400022}
  - 33: {fileID: 3300000}
  - 23: {fileID: 2300000}
  m_Layer: 9
  m_Name: shadow
  m_TagString: Untagged
  m_Icon: {fileID: 0}
  m_NavMeshLayer: 0
  m_StaticEditorFlags: 0
  m_IsActive: 1
--- !u!1 &100030
GameObject:
  m_ObjectHideFlags: 0
  m_PrefabParentObject: {fileID: 0}
  m_PrefabInternal: {fileID: 100100000}
  serializedVersion: 4
  m_Component:
  - 4: {fileID: 400040}
  m_Layer: 9
  m_Name: Body01
  m_TagString: Untagged
  m_Icon: {fileID: 0}
  m_NavMeshLayer: 0
  m_StaticEditorFlags: 0
  m_IsActive: 1
--- !u!1 &100032
GameObject:
  m_ObjectHideFlags: 0
  m_PrefabParentObject: {fileID: 0}
  m_PrefabInternal: {fileID: 100100000}
  serializedVersion: 4
  m_Component:
  - 4: {fileID: 400038}
  m_Layer: 9
  m_Name: CoG
  m_TagString: Untagged
  m_Icon: {fileID: 0}
  m_NavMeshLayer: 0
  m_StaticEditorFlags: 0
  m_IsActive: 1
--- !u!1 &100034
GameObject:
  m_ObjectHideFlags: 0
  m_PrefabParentObject: {fileID: 0}
  m_PrefabInternal: {fileID: 100100000}
  serializedVersion: 4
  m_Component:
  - 4: {fileID: 400032}
  - 137: {fileID: 13700000}
  m_Layer: 9
  m_Name: Ninja01_2
  m_TagString: Untagged
  m_Icon: {fileID: 0}
  m_NavMeshLayer: 0
  m_StaticEditorFlags: 0
  m_IsActive: 1
--- !u!1 &100036
GameObject:
  m_ObjectHideFlags: 0
  m_PrefabParentObject: {fileID: 0}
  m_PrefabInternal: {fileID: 100100000}
  serializedVersion: 4
  m_Component:
  - 4: {fileID: 400030}
  m_Layer: 9
  m_Name: Root_spine01
  m_TagString: Untagged
  m_Icon: {fileID: 0}
  m_NavMeshLayer: 0
  m_StaticEditorFlags: 0
  m_IsActive: 1
--- !u!1 &100038
GameObject:
  m_ObjectHideFlags: 0
  m_PrefabParentObject: {fileID: 0}
  m_PrefabInternal: {fileID: 100100000}
  serializedVersion: 4
  m_Component:
  - 4: {fileID: 400028}
  m_Layer: 9
  m_Name: Root_swordcontrol01
  m_TagString: Untagged
  m_Icon: {fileID: 0}
  m_NavMeshLayer: 0
  m_StaticEditorFlags: 0
  m_IsActive: 1
--- !u!1 &100040
GameObject:
  m_ObjectHideFlags: 0
  m_PrefabParentObject: {fileID: 0}
  m_PrefabInternal: {fileID: 100100000}
  serializedVersion: 4
  m_Component:
  - 4: {fileID: 400026}
  m_Layer: 9
  m_Name: Spline
  m_TagString: Untagged
  m_Icon: {fileID: 0}
  m_NavMeshLayer: 0
  m_StaticEditorFlags: 0
  m_IsActive: 1
--- !u!1 &100042
GameObject:
  m_ObjectHideFlags: 0
  m_PrefabParentObject: {fileID: 0}
  m_PrefabInternal: {fileID: 100100000}
  serializedVersion: 4
  m_Component:
  - 4: {fileID: 400042}
  - 95: {fileID: 9500000}
  - 136: {fileID: 13600002}
  - 82: {fileID: 8200000}
  - 54: {fileID: 5400000}
  - 114: {fileID: 11400004}
  - 114: {fileID: 11400006}
  - 148: {fileID: 14800000}
  m_Layer: 9
  m_Name: Ninja
  m_TagString: Ninja
  m_Icon: {fileID: 0}
  m_NavMeshLayer: 0
  m_StaticEditorFlags: 0
  m_IsActive: 1
--- !u!4 &400000
Transform:
  m_ObjectHideFlags: 1
  m_PrefabParentObject: {fileID: 0}
  m_PrefabInternal: {fileID: 100100000}
  m_GameObject: {fileID: 100002}
  m_LocalRotation: {x: 5.2854263e-16, y: -2.70224157e-17, z: 1.11022302e-16, w: 1}
  m_LocalPosition: {x: 2.84217088e-16, y: 1.06581408e-16, z: -1.46910501}
  m_LocalScale: {x: 1, y: 1, z: 1}
  m_Children: []
  m_Father: {fileID: 400006}
  m_RootOrder: 0
--- !u!4 &400002
Transform:
  m_ObjectHideFlags: 1
  m_PrefabParentObject: {fileID: 0}
  m_PrefabInternal: {fileID: 100100000}
  m_GameObject: {fileID: 100000}
  m_LocalRotation: {x: 6.66133815e-16, y: -2.51281807e-31, z: -1.73472348e-18, w: 1}
  m_LocalPosition: {x: 2.50943756, y: -.634537756, z: .180283144}
  m_LocalScale: {x: 1, y: 1, z: 1}
  m_Children: []
  m_Father: {fileID: 400028}
  m_RootOrder: 1
--- !u!4 &400004
Transform:
  m_ObjectHideFlags: 1
  m_PrefabParentObject: {fileID: 0}
  m_PrefabInternal: {fileID: 100100000}
  m_GameObject: {fileID: 100006}
  m_LocalRotation: {x: 4.22583493e-16, y: -2.45408288e-16, z: -1.38777878e-17, w: 1}
  m_LocalPosition: {x: 1.99840136e-17, y: 7.01660918e-16, z: -1}
  m_LocalScale: {x: 1, y: 1, z: 1}
  m_Children: []
  m_Father: {fileID: 400008}
  m_RootOrder: 0
--- !u!4 &400006
Transform:
  m_ObjectHideFlags: 1
  m_PrefabParentObject: {fileID: 0}
  m_PrefabInternal: {fileID: 100100000}
  m_GameObject: {fileID: 100004}
  m_LocalRotation: {x: -.000800492999, y: -.00180571247, z: .405272573, w: .914193749}
  m_LocalPosition: {x: 7.1054272e-17, y: 2.84217088e-16, z: 0}
  m_LocalScale: {x: 1, y: 1, z: 1}
  m_Children:
  - {fileID: 400000}
  m_Father: {fileID: 400028}
  m_RootOrder: 0
--- !u!4 &400008
Transform:
  m_ObjectHideFlags: 1
  m_PrefabParentObject: {fileID: 0}
  m_PrefabInternal: {fileID: 100100000}
  m_GameObject: {fileID: 100008}
  m_LocalRotation: {x: .0470708199, y: -.00376323867, z: .079605259, w: .995707393}
  m_LocalPosition: {x: 2.45960912e-12, y: 2.77798162e-12, z: -.5}
  m_LocalScale: {x: 1, y: 1, z: 1}
  m_Children:
  - {fileID: 400004}
  m_Father: {fileID: 400010}
  m_RootOrder: 0
--- !u!4 &400010
Transform:
  m_ObjectHideFlags: 1
  m_PrefabParentObject: {fileID: 0}
  m_PrefabInternal: {fileID: 100100000}
  m_GameObject: {fileID: 100010}
  m_LocalRotation: {x: 5.53503705e-05, y: 0, z: -0, w: 1}
  m_LocalPosition: {x: 1.57772178e-32, y: -0, z: 0}
  m_LocalScale: {x: 1, y: 1, z: 1}
  m_Children:
  - {fileID: 400008}
  m_Father: {fileID: 400030}
  m_RootOrder: 0
--- !u!4 &400012
Transform:
  m_ObjectHideFlags: 1
  m_PrefabParentObject: {fileID: 0}
  m_PrefabInternal: {fileID: 100100000}
  m_GameObject: {fileID: 100012}
  m_LocalRotation: {x: 0, y: 0, z: -4.82715286e-33, w: 1}
  m_LocalPosition: {x: -0, y: 0, z: 0}
  m_LocalScale: {x: 1, y: 1, z: 1}
  m_Children: []
  m_Father: {fileID: 400032}
  m_RootOrder: 0
--- !u!4 &400014
Transform:
  m_ObjectHideFlags: 1
  m_PrefabParentObject: {fileID: 0}
  m_PrefabInternal: {fileID: 100100000}
  m_GameObject: {fileID: 100014}
  m_LocalRotation: {x: 0, y: 0, z: 3.57627869e-07, w: 1}
  m_LocalPosition: {x: .108773567, y: -.151401445, z: .0595494919}
  m_LocalScale: {x: 1, y: 1, z: 1}
  m_Children: []
  m_Father: {fileID: 400034}
  m_RootOrder: 0
--- !u!4 &400016
Transform:
  m_ObjectHideFlags: 1
  m_PrefabParentObject: {fileID: 0}
  m_PrefabInternal: {fileID: 100100000}
  m_GameObject: {fileID: 100016}
  m_LocalRotation: {x: 1.23259516e-32, y: 0, z: -0, w: 1}
  m_LocalPosition: {x: 7.4613883e-16, y: -4.97506456e-17, z: -.498974711}
  m_LocalScale: {x: 1, y: 1, z: 1}
  m_Children: []
  m_Father: {fileID: 400038}
  m_RootOrder: 0
--- !u!4 &400018
Transform:
  m_ObjectHideFlags: 1
  m_PrefabParentObject: {fileID: 0}
  m_PrefabInternal: {fileID: 100100000}
  m_GameObject: {fileID: 100018}
  m_LocalRotation: {x: 0, y: 0, z: -0, w: 1}
  m_LocalPosition: {x: -.941718876, y: .768163025, z: .310630053}
  m_LocalScale: {x: 1, y: 1, z: 1}
  m_Children: []
  m_Father: {fileID: 400040}
  m_RootOrder: 0
--- !u!4 &400020
Transform:
  m_ObjectHideFlags: 1
  m_PrefabParentObject: {fileID: 0}
  m_PrefabInternal: {fileID: 100100000}
  m_GameObject: {fileID: 100024}
  m_LocalRotation: {x: 0, y: 0, z: -1, w: -4.37113883e-08}
  m_LocalPosition: {x: -7.63034578e-08, y: -.872809827, z: 0}
  m_LocalScale: {x: .90401566, y: .90401566, z: .90401566}
  m_Children: []
  m_Father: {fileID: 400042}
  m_RootOrder: 10
--- !u!4 &400022
Transform:
  m_ObjectHideFlags: 1
  m_PrefabParentObject: {fileID: 0}
  m_PrefabInternal: {fileID: 100100000}
  m_GameObject: {fileID: 100028}
  m_LocalRotation: {x: -.382683486, y: -1.67276273e-08, z: -.923879564, w: -4.03840588e-08}
  m_LocalPosition: {x: 5.57733681e-09, y: .0637972951, z: 0}
  m_LocalScale: {x: 1.36036253, y: .0849551857, z: 1.36036289}
  m_Children: []
  m_Father: {fileID: 400042}
  m_RootOrder: 9
--- !u!4 &400024
Transform:
  m_ObjectHideFlags: 1
  m_PrefabParentObject: {fileID: 0}
  m_PrefabInternal: {fileID: 100100000}
  m_GameObject: {fileID: 100026}
  m_LocalRotation: {x: 0, y: 0, z: -1, w: -4.37113883e-08}
  m_LocalPosition: {x: 0, y: -22.0336609, z: 0}
  m_LocalScale: {x: .90401566, y: .90401566, z: .90401566}
  m_Children: []
  m_Father: {fileID: 400042}
  m_RootOrder: 8
--- !u!4 &400026
Transform:
  m_ObjectHideFlags: 1
  m_PrefabParentObject: {fileID: 0}
  m_PrefabInternal: {fileID: 100100000}
  m_GameObject: {fileID: 100040}
  m_LocalRotation: {x: 1, y: -0, z: 0, w: -6.12323426e-17}
  m_LocalPosition: {x: -0, y: 0, z: 0}
  m_LocalScale: {x: 1, y: 1, z: 1}
  m_Children: []
  m_Father: {fileID: 400042}
  m_RootOrder: 7
--- !u!4 &400028
Transform:
  m_ObjectHideFlags: 1
  m_PrefabParentObject: {fileID: 0}
  m_PrefabInternal: {fileID: 100100000}
  m_GameObject: {fileID: 100038}
  m_LocalRotation: {x: -.489465624, y: -.489465624, z: -.510317028, w: .510317028}
  m_LocalPosition: {x: .80268079, y: -.557266712, z: .379243731}
  m_LocalScale: {x: 1, y: 1, z: 1}
  m_Children:
  - {fileID: 400006}
  - {fileID: 400002}
  m_Father: {fileID: 400042}
  m_RootOrder: 6
--- !u!4 &400030
Transform:
  m_ObjectHideFlags: 1
  m_PrefabParentObject: {fileID: 0}
  m_PrefabInternal: {fileID: 100100000}
  m_GameObject: {fileID: 100036}
  m_LocalRotation: {x: -.707106829, y: 0, z: -0, w: .707106829}
  m_LocalPosition: {x: 1.06581408e-16, y: -1.42108544e-16, z: -0}
  m_LocalScale: {x: 1, y: 1, z: 1}
  m_Children:
  - {fileID: 400010}
  m_Father: {fileID: 400042}
  m_RootOrder: 5
--- !u!4 &400032
Transform:
  m_ObjectHideFlags: 1
  m_PrefabParentObject: {fileID: 0}
  m_PrefabInternal: {fileID: 100100000}
  m_GameObject: {fileID: 100034}
  m_LocalRotation: {x: .707106829, y: -4.32978063e-17, z: .707106829, w: 4.32978063e-17}
  m_LocalPosition: {x: -0, y: 0, z: 0}
  m_LocalScale: {x: 1, y: 1, z: 1}
  m_Children:
  - {fileID: 400012}
  m_Father: {fileID: 400042}
  m_RootOrder: 4
--- !u!4 &400034
Transform:
  m_ObjectHideFlags: 1
  m_PrefabParentObject: {fileID: 0}
  m_PrefabInternal: {fileID: 100100000}
  m_GameObject: {fileID: 100020}
  m_LocalRotation: {x: 0, y: 0, z: 1, w: 3.13916473e-07}
  m_LocalPosition: {x: -1.31608203e-06, y: -4.66916132, z: 0}
  m_LocalScale: {x: .5, y: .5, z: .5}
  m_Children:
  - {fileID: 400014}
  m_Father: {fileID: 400042}
  m_RootOrder: 3
--- !u!4 &400036
Transform:
  m_ObjectHideFlags: 1
  m_PrefabParentObject: {fileID: 0}
  m_PrefabInternal: {fileID: 100100000}
  m_GameObject: {fileID: 100022}
  m_LocalRotation: {x: -6.53731647e-08, y: .930688381, z: -.365813047, w: 8.70128769e-09}
  m_LocalPosition: {x: -7.42799031e-08, y: -.849663138, z: 0}
  m_LocalScale: {x: .90401566, y: .904015601, z: .90401566}
  m_Children: []
  m_Father: {fileID: 400042}
  m_RootOrder: 2
--- !u!4 &400038
Transform:
  m_ObjectHideFlags: 1
  m_PrefabParentObject: {fileID: 0}
  m_PrefabInternal: {fileID: 100100000}
  m_GameObject: {fileID: 100032}
  m_LocalRotation: {x: -.707106829, y: 0, z: -0, w: .707106829}
  m_LocalPosition: {x: 1.06581408e-16, y: -1.42108544e-16, z: -0}
  m_LocalScale: {x: 1, y: 1, z: 1}
  m_Children:
  - {fileID: 400016}
  m_Father: {fileID: 400042}
  m_RootOrder: 1
--- !u!4 &400040
Transform:
  m_ObjectHideFlags: 1
  m_PrefabParentObject: {fileID: 0}
  m_PrefabInternal: {fileID: 100100000}
  m_GameObject: {fileID: 100030}
  m_LocalRotation: {x: 1, y: -0, z: 0, w: -6.12323426e-17}
  m_LocalPosition: {x: -0, y: 0, z: 0}
  m_LocalScale: {x: 1, y: 1, z: 1}
  m_Children:
  - {fileID: 400018}
  m_Father: {fileID: 400042}
  m_RootOrder: 0
--- !u!4 &400042
Transform:
  m_ObjectHideFlags: 1
  m_PrefabParentObject: {fileID: 0}
  m_PrefabInternal: {fileID: 100100000}
  m_GameObject: {fileID: 100042}
  m_LocalRotation: {x: 0, y: 0, z: -1, w: -4.37113883e-08}
  m_LocalPosition: {x: -9.32112122, y: 0, z: 109.202698}
  m_LocalScale: {x: 1.10617554, y: 1.10617554, z: 1.10617554}
  m_Children:
  - {fileID: 400040}
  - {fileID: 400038}
  - {fileID: 400036}
  - {fileID: 400034}
  - {fileID: 400032}
  - {fileID: 400030}
  - {fileID: 400028}
  - {fileID: 400026}
  - {fileID: 400024}
  - {fileID: 400022}
  - {fileID: 400020}
  m_Father: {fileID: 0}
  m_RootOrder: 0
--- !u!23 &2300000
Renderer:
  m_ObjectHideFlags: 1
  m_PrefabParentObject: {fileID: 0}
  m_PrefabInternal: {fileID: 100100000}
  m_GameObject: {fileID: 100028}
  m_Enabled: 1
  m_CastShadows: 1
  m_ReceiveShadows: 1
  m_LightmapIndex: 255
  m_LightmapTilingOffset: {x: 1, y: 1, z: 0, w: 0}
  m_Materials:
  - {fileID: 2100000, guid: 0787ec2414d5c334fb8ad4f756b2a26f, type: 2}
  m_SubsetIndices: 
  m_StaticBatchRoot: {fileID: 0}
  m_UseLightProbes: 0
  m_LightProbeAnchor: {fileID: 0}
  m_ScaleInLightmap: 1
  m_SortingLayerID: 0
  m_SortingOrder: 0
--- !u!23 &2300002
Renderer:
  m_ObjectHideFlags: 1
  m_PrefabParentObject: {fileID: 0}
  m_PrefabInternal: {fileID: 100100000}
  m_GameObject: {fileID: 100014}
  m_Enabled: 1
  m_CastShadows: 1
  m_ReceiveShadows: 1
  m_LightmapIndex: 255
  m_LightmapTilingOffset: {x: 1, y: 1, z: 0, w: 0}
  m_Materials:
  - {fileID: 2100000, guid: 9921218926556cb4499185a4e09f7a82, type: 3}
  m_SubsetIndices: 
  m_StaticBatchRoot: {fileID: 0}
  m_UseLightProbes: 0
  m_LightProbeAnchor: {fileID: 0}
  m_ScaleInLightmap: 1
  m_SortingLayerID: 0
  m_SortingOrder: 0
--- !u!23 &2300004
Renderer:
  m_ObjectHideFlags: 1
  m_PrefabParentObject: {fileID: 0}
  m_PrefabInternal: {fileID: 100100000}
  m_GameObject: {fileID: 100020}
  m_Enabled: 1
  m_CastShadows: 1
  m_ReceiveShadows: 1
  m_LightmapIndex: 255
  m_LightmapTilingOffset: {x: 1, y: 1, z: 0, w: 0}
  m_Materials:
  - {fileID: 2100000, guid: 3c306d019d0ae374190a83d0226ed18c, type: 3}
  m_SubsetIndices: 
  m_StaticBatchRoot: {fileID: 0}
  m_UseLightProbes: 0
  m_LightProbeAnchor: {fileID: 0}
  m_ScaleInLightmap: 1
  m_SortingLayerID: 0
  m_SortingOrder: 0
--- !u!33 &3300000
MeshFilter:
  m_ObjectHideFlags: 1
  m_PrefabParentObject: {fileID: 0}
  m_PrefabInternal: {fileID: 100100000}
  m_GameObject: {fileID: 100028}
  m_Mesh: {fileID: 10206, guid: 0000000000000000e000000000000000, type: 0}
--- !u!54 &5400000
Rigidbody:
  m_ObjectHideFlags: 1
  m_PrefabParentObject: {fileID: 0}
  m_PrefabInternal: {fileID: 100100000}
  m_GameObject: {fileID: 100042}
  serializedVersion: 2
  m_Mass: 1
  m_Drag: 50
  m_AngularDrag: .0500000007
  m_UseGravity: 0
  m_IsKinematic: 0
  m_Interpolate: 0
  m_Constraints: 116
  m_CollisionDetection: 0
--- !u!82 &8200000
AudioSource:
  m_ObjectHideFlags: 1
  m_PrefabParentObject: {fileID: 0}
  m_PrefabInternal: {fileID: 100100000}
  m_GameObject: {fileID: 100042}
  m_Enabled: 1
  serializedVersion: 3
  m_audioClip: {fileID: 0}
  m_PlayOnAwake: 0
  m_Volume: 1
  m_Pitch: 1
  Loop: 0
  Mute: 0
  Priority: 128
  DopplerLevel: 1
  MinDistance: 1
  MaxDistance: 500
  Pan2D: 0
  rolloffMode: 0
  BypassEffects: 0
  BypassListenerEffects: 0
  BypassReverbZones: 0
  rolloffCustomCurve:
    serializedVersion: 2
    m_Curve:
    - time: 0
      value: 1
      inSlope: 0
      outSlope: 0
      tangentMode: 0
    - time: 1
      value: 0
      inSlope: 0
      outSlope: 0
      tangentMode: 0
    m_PreInfinity: 2
    m_PostInfinity: 2
  panLevelCustomCurve:
    serializedVersion: 2
    m_Curve:
    - time: 0
      value: 1
      inSlope: 0
      outSlope: 0
      tangentMode: 0
    m_PreInfinity: 2
    m_PostInfinity: 2
  spreadCustomCurve:
    serializedVersion: 2
    m_Curve:
    - time: 0
      value: 0
      inSlope: 0
      outSlope: 0
      tangentMode: 0
    m_PreInfinity: 2
    m_PostInfinity: 2
--- !u!95 &9500000
Animator:
  serializedVersion: 3
  m_ObjectHideFlags: 1
  m_PrefabParentObject: {fileID: 0}
  m_PrefabInternal: {fileID: 100100000}
  m_GameObject: {fileID: 100042}
  m_Enabled: 1
  m_Avatar: {fileID: 9000000, guid: 38684daa8d809734faee75241b57aa3f, type: 3}
  m_Controller: {fileID: 9100000, guid: 59a4536588512ee4db151c96ba165187, type: 2}
  m_CullingMode: 1
  m_UpdateMode: 0
  m_ApplyRootMotion: 0
  m_HasTransformHierarchy: 1
  m_AllowConstantClipSamplingOptimization: 1
--- !u!102 &10200000
TextMesh:
  serializedVersion: 3
  m_ObjectHideFlags: 1
  m_PrefabParentObject: {fileID: 0}
  m_PrefabInternal: {fileID: 100100000}
  m_GameObject: {fileID: 100014}
  m_Text: SirDorius
  m_OffsetZ: 0
  m_CharacterSize: 1
  m_LineSpacing: 1
  m_Anchor: 4
  m_Alignment: 1
  m_TabSize: 4
  m_FontSize: 28
  m_FontStyle: 1
  m_RichText: 0
  m_Font: {fileID: 12800000, guid: 9921218926556cb4499185a4e09f7a82, type: 3}
  m_Color:
    serializedVersion: 2
    rgba: 4294967295
--- !u!102 &10200002
TextMesh:
  serializedVersion: 3
  m_ObjectHideFlags: 1
  m_PrefabParentObject: {fileID: 0}
  m_PrefabInternal: {fileID: 100100000}
  m_GameObject: {fileID: 100020}
  m_Text: SirDorius
  m_OffsetZ: 0
  m_CharacterSize: 1
  m_LineSpacing: 1
  m_Anchor: 4
  m_Alignment: 1
  m_TabSize: 4
  m_FontSize: 28
  m_FontStyle: 1
  m_RichText: 0
  m_Font: {fileID: 12800000, guid: 3c306d019d0ae374190a83d0226ed18c, type: 3}
  m_Color:
    serializedVersion: 2
    rgba: 4294967295
--- !u!108 &10800000
Light:
  m_ObjectHideFlags: 1
  m_PrefabParentObject: {fileID: 0}
  m_PrefabInternal: {fileID: 100100000}
  m_GameObject: {fileID: 100026}
  m_Enabled: 1
  serializedVersion: 3
  m_Type: 2
  m_Color: {r: 1, g: .682352901, b: .682352901, a: 1}
  m_Intensity: 1.39999998
  m_Range: 84.3499985
  m_SpotAngle: 30
  m_CookieSize: 10
  m_Shadows:
    m_Type: 0
    m_Resolution: -1
    m_Strength: 1
    m_Bias: .0500000007
    m_Softness: 4
    m_SoftnessFade: 1
  m_Cookie: {fileID: 0}
  m_DrawHalo: 0
  m_ActuallyLightmapped: 0
  m_Flare: {fileID: 0}
  m_RenderMode: 0
  m_CullingMask:
    serializedVersion: 2
    m_Bits: 4294967295
  m_Lightmapping: 1
  m_ShadowSamples: 1
  m_ShadowRadius: 0
  m_ShadowAngle: 0
  m_IndirectIntensity: 1
  m_AreaSize: {x: 1, y: 1}
--- !u!114 &11400000
MonoBehaviour:
  m_ObjectHideFlags: 1
  m_PrefabParentObject: {fileID: 0}
  m_PrefabInternal: {fileID: 100100000}
  m_GameObject: {fileID: 100024}
  m_Enabled: 1
  m_EditorHideFlags: 0
  m_Script: {fileID: 11500000, guid: c4acb1b01a6a4b042b0643ecb131330d, type: 3}
  m_Name: 
  m_EditorClassIdentifier: 
--- !u!114 &11400002
MonoBehaviour:
  m_ObjectHideFlags: 1
  m_PrefabParentObject: {fileID: 0}
  m_PrefabInternal: {fileID: 100100000}
  m_GameObject: {fileID: 100020}
  m_Enabled: 1
  m_EditorHideFlags: 0
  m_Script: {fileID: 11500000, guid: bbd261033f77273419a811e4a93a01e3, type: 3}
  m_Name: 
  m_EditorClassIdentifier: 
--- !u!114 &11400004
MonoBehaviour:
  m_ObjectHideFlags: 1
  m_PrefabParentObject: {fileID: 0}
  m_PrefabInternal: {fileID: 100100000}
  m_GameObject: {fileID: 100042}
  m_Enabled: 1
  m_EditorHideFlags: 0
  m_Script: {fileID: 11500000, guid: 4e0513b3237cb084aa07c56ed796ac6d, type: 3}
  m_Name: 
  m_EditorClassIdentifier: 
  acceleration: 14
  timeToLookAtCursor: .200000003
  timeToRespawn: 2
  health: 1000
  movementAxeses: {x: 0, y: 0, z: 0}
  armor: 0
  audioDelay: .5
  username: 
  bullet: {fileID: 11400000, guid: 2e68e91c35d7a624c90d8693333c2aa8, type: 2}
  timeToTakeObjective: .5
--- !u!114 &11400006
MonoBehaviour:
  m_ObjectHideFlags: 1
  m_PrefabParentObject: {fileID: 0}
  m_PrefabInternal: {fileID: 100100000}
  m_GameObject: {fileID: 100042}
  m_Enabled: 1
  m_EditorHideFlags: 0
  m_Script: {fileID: 11500000, guid: ab7ae36339d1ade4da1c25d7b5394e94, type: 3}
  m_Name: 
  m_EditorClassIdentifier: 
  skills:
  - {fileID: 11400002, guid: 0b749f11bca5b2446abad40ddce01c94, type: 2}
  - {fileID: 11400000, guid: fcda335b15ad4a248b5fef3d7df7d6a4, type: 2}
  - {fileID: 11400000, guid: d09a94543d470314f97df518ecab21cd, type: 2}
  abilitiesCooldown: 1
--- !u!135 &13500000
SphereCollider:
  m_ObjectHideFlags: 1
  m_PrefabParentObject: {fileID: 0}
  m_PrefabInternal: {fileID: 100100000}
  m_GameObject: {fileID: 100006}
  m_Material: {fileID: 0}
  m_IsTrigger: 0
  m_Enabled: 1
  serializedVersion: 2
  m_Radius: .5
  m_Center: {x: 0, y: 0, z: 0}
--- !u!136 &13600000
CapsuleCollider:
  m_ObjectHideFlags: 1
  m_PrefabParentObject: {fileID: 0}
  m_PrefabInternal: {fileID: 100100000}
  m_GameObject: {fileID: 100024}
  m_Material: {fileID: 0}
  m_IsTrigger: 1
  m_Enabled: 1
  m_Radius: 1.83568382
  m_Height: 2.66559219
  m_Direction: 1
  m_Center: {x: 0, y: 0, z: 0}
--- !u!136 &13600002
CapsuleCollider:
  m_ObjectHideFlags: 1
  m_PrefabParentObject: {fileID: 0}
  m_PrefabInternal: {fileID: 100100000}
  m_GameObject: {fileID: 100042}
  m_Material: {fileID: 13400000, guid: 83a67cb98bbac674e93c12bdf09a2d3a, type: 2}
  m_IsTrigger: 0
  m_Enabled: 1
  m_Radius: .550598681
  m_Height: 2.19365931
  m_Direction: 1
  m_Center: {x: 0, y: -.899999976, z: 0}
--- !u!137 &13700000
SkinnedMeshRenderer:
  m_ObjectHideFlags: 1
  m_PrefabParentObject: {fileID: 0}
  m_PrefabInternal: {fileID: 100100000}
  m_GameObject: {fileID: 100034}
  m_Enabled: 1
  m_CastShadows: 1
  m_ReceiveShadows: 1
  m_LightmapIndex: 255
  m_LightmapTilingOffset: {x: 1, y: 1, z: 0, w: 0}
  m_Materials:
  - {fileID: 2100000, guid: 22098e53230eed540a8883db39126a75, type: 2}
  m_SubsetIndices: 
  m_StaticBatchRoot: {fileID: 0}
  m_UseLightProbes: 0
  m_LightProbeAnchor: {fileID: 0}
  m_ScaleInLightmap: 1
  m_SortingLayerID: 0
  m_SortingOrder: 0
  serializedVersion: 2
  m_Quality: 0
  m_UpdateWhenOffscreen: 0
  m_Mesh: {fileID: 4300000, guid: 38684daa8d809734faee75241b57aa3f, type: 3}
  m_Bones:
  - {fileID: 400010}
  - {fileID: 400008}
  - {fileID: 400018}
  - {fileID: 400006}
  m_BlendShapeWeights: []
  m_RootBone: {fileID: 400010}
  m_AABB:
    m_Center: {x: -.048460722, y: -.0167929232, z: -1.02034247}
    m_Extent: {x: 1.10387635, y: .624610424, z: 1.02034247}
  m_DirtyAABB: 0
--- !u!148 &14800000
NetworkView:
  m_ObjectHideFlags: 1
  m_PrefabParentObject: {fileID: 0}
  m_PrefabInternal: {fileID: 100100000}
  m_GameObject: {fileID: 100042}
  m_Enabled: 1
  m_StateSynchronization: 1
  m_Observed: {fileID: 400042}
  m_ViewID:
    m_ID: 0
    m_Type: 0
--- !u!198 &19800000
ParticleSystem:
  m_ObjectHideFlags: 1
  m_PrefabParentObject: {fileID: 0}
  m_PrefabInternal: {fileID: 100100000}
  m_GameObject: {fileID: 100022}
  lengthInSec: 4
  startDelay: 0
  speed: 1
  randomSeed: 0
  looping: 0
  prewarm: 0
  playOnAwake: 0
  moveWithTransform: 0
  InitialModule:
    enabled: 1
    startLifetime:
      scalar: 2
      maxCurve:
        serializedVersion: 2
        m_Curve:
        - time: 0
          value: 1
          inSlope: 0
          outSlope: 0
          tangentMode: 0
        - time: 1
          value: 1
          inSlope: 0
          outSlope: 0
          tangentMode: 0
        m_PreInfinity: 2
        m_PostInfinity: 2
      minCurve:
        serializedVersion: 2
        m_Curve:
        - time: 0
          value: 0
          inSlope: 0
          outSlope: 0
          tangentMode: 0
        - time: 1
          value: 0
          inSlope: 0
          outSlope: 0
          tangentMode: 0
        m_PreInfinity: 2
        m_PostInfinity: 2
      minMaxState: 0
    startSpeed:
      scalar: 12.0900002
      maxCurve:
        serializedVersion: 2
        m_Curve:
        - time: 0
          value: 1
          inSlope: 0
          outSlope: 0
          tangentMode: 0
        m_PreInfinity: 2
        m_PostInfinity: 2
      minCurve:
        serializedVersion: 2
        m_Curve:
        - time: 0
          value: .496277899
          inSlope: 0
          outSlope: 0
          tangentMode: 0
        m_PreInfinity: 2
        m_PostInfinity: 2
      minMaxState: 3
    startColor:
      maxGradient:
        key0:
          serializedVersion: 2
          rgba: 4294967295
        key1:
          serializedVersion: 2
          rgba: 4294967295
        key2:
          serializedVersion: 2
          rgba: 0
        key3:
          serializedVersion: 2
          rgba: 0
        key4:
          serializedVersion: 2
          rgba: 0
        key5:
          serializedVersion: 2
          rgba: 0
        key6:
          serializedVersion: 2
          rgba: 0
        key7:
          serializedVersion: 2
          rgba: 0
        ctime0: 0
        ctime1: 65535
        ctime2: 0
        ctime3: 0
        ctime4: 0
        ctime5: 0
        ctime6: 0
        ctime7: 0
        atime0: 0
        atime1: 65535
        atime2: 0
        atime3: 0
        atime4: 0
        atime5: 0
        atime6: 0
        atime7: 0
        m_NumColorKeys: 2
        m_NumAlphaKeys: 2
      minGradient:
        key0:
          serializedVersion: 2
          rgba: 4294967295
        key1:
          serializedVersion: 2
          rgba: 4294967295
        key2:
          serializedVersion: 2
          rgba: 0
        key3:
          serializedVersion: 2
          rgba: 0
        key4:
          serializedVersion: 2
          rgba: 0
        key5:
          serializedVersion: 2
          rgba: 0
        key6:
          serializedVersion: 2
          rgba: 0
        key7:
          serializedVersion: 2
          rgba: 0
        ctime0: 0
        ctime1: 65535
        ctime2: 0
        ctime3: 0
        ctime4: 0
        ctime5: 0
        ctime6: 0
        ctime7: 0
        atime0: 0
        atime1: 65535
        atime2: 0
        atime3: 0
        atime4: 0
        atime5: 0
        atime6: 0
        atime7: 0
        m_NumColorKeys: 2
        m_NumAlphaKeys: 2
      minColor:
        serializedVersion: 2
        rgba: 4294967295
      maxColor:
        serializedVersion: 2
        rgba: 4294967295
      minMaxState: 0
    startSize:
      scalar: .400000006
      maxCurve:
        serializedVersion: 2
        m_Curve:
        - time: 0
          value: 1
          inSlope: 0
          outSlope: 0
          tangentMode: 0
        m_PreInfinity: 2
        m_PostInfinity: 2
      minCurve:
        serializedVersion: 2
        m_Curve:
        - time: 0
          value: .974999964
          inSlope: 0
          outSlope: 0
          tangentMode: 0
        m_PreInfinity: 2
        m_PostInfinity: 2
      minMaxState: 3
    startRotation:
      scalar: 0
      maxCurve:
        serializedVersion: 2
        m_Curve:
        - time: 0
          value: 1
          inSlope: 0
          outSlope: 0
          tangentMode: 0
        - time: 1
          value: 1
          inSlope: 0
          outSlope: 0
          tangentMode: 0
        m_PreInfinity: 2
        m_PostInfinity: 2
      minCurve:
        serializedVersion: 2
        m_Curve:
        - time: 0
          value: 0
          inSlope: 0
          outSlope: 0
          tangentMode: 0
        - time: 1
          value: 0
          inSlope: 0
          outSlope: 0
          tangentMode: 0
        m_PreInfinity: 2
        m_PostInfinity: 2
      minMaxState: 0
    gravityModifier: 1
    inheritVelocity: 0
    maxNumParticles: 1000
  ShapeModule:
    serializedVersion: 2
    enabled: 1
    type: 4
    radius: .357950807
    angle: 25.9380379
    length: 5
    boxX: 1
    boxY: 1
    boxZ: 1
    placementMode: 0
    m_Mesh: {fileID: 0}
    randomDirection: 0
  EmissionModule:
    enabled: 0
    m_Type: 0
    rate:
      scalar: 0
      maxCurve:
        serializedVersion: 2
        m_Curve:
        - time: 0
          value: 1
          inSlope: 0
          outSlope: 0
          tangentMode: 0
        - time: 1
          value: 1
          inSlope: 0
          outSlope: 0
          tangentMode: 0
        m_PreInfinity: 2
        m_PostInfinity: 2
      minCurve:
        serializedVersion: 2
        m_Curve:
        - time: 0
          value: 0
          inSlope: 0
          outSlope: 0
          tangentMode: 0
        - time: 1
          value: 0
          inSlope: 0
          outSlope: 0
          tangentMode: 0
        m_PreInfinity: 2
        m_PostInfinity: 2
      minMaxState: 0
    cnt0: 50
    cnt1: 15
    cnt2: 30
    cnt3: 30
    time0: 0
    time1: 1
    time2: 0
    time3: 0
    m_BurstCount: 1
  SizeModule:
    enabled: 1
    curve:
      scalar: 1
      maxCurve:
        serializedVersion: 2
        m_Curve:
        - time: 0
          value: 1
          inSlope: 0
          outSlope: 0
          tangentMode: 0
        - time: 1
          value: .513513565
          inSlope: 0
          outSlope: 0
          tangentMode: 0
        m_PreInfinity: 2
        m_PostInfinity: 2
      minCurve:
        serializedVersion: 2
        m_Curve:
        - time: 0
          value: 0
          inSlope: 0
          outSlope: 0
          tangentMode: 0
        - time: 1
          value: 0
          inSlope: 0
          outSlope: 0
          tangentMode: 0
        m_PreInfinity: 2
        m_PostInfinity: 2
      minMaxState: 1
  RotationModule:
    enabled: 1
    curve:
      scalar: 3.49065852
      maxCurve:
        serializedVersion: 2
        m_Curve:
        - time: 0
          value: 1
          inSlope: 0
          outSlope: 0
          tangentMode: 0
        m_PreInfinity: 2
        m_PostInfinity: 2
      minCurve:
        serializedVersion: 2
        m_Curve:
        - time: 0
          value: 0
          inSlope: 0
          outSlope: 0
          tangentMode: 0
        m_PreInfinity: 2
        m_PostInfinity: 2
      minMaxState: 3
  ColorModule:
    enabled: 0
    gradient:
      maxGradient:
        key0:
          serializedVersion: 2
          rgba: 4294967295
        key1:
          serializedVersion: 2
          rgba: 4294967295
        key2:
          serializedVersion: 2
          rgba: 0
        key3:
          serializedVersion: 2
          rgba: 0
        key4:
          serializedVersion: 2
          rgba: 0
        key5:
          serializedVersion: 2
          rgba: 0
        key6:
          serializedVersion: 2
          rgba: 0
        key7:
          serializedVersion: 2
          rgba: 0
        ctime0: 0
        ctime1: 65535
        ctime2: 0
        ctime3: 0
        ctime4: 0
        ctime5: 0
        ctime6: 0
        ctime7: 0
        atime0: 0
        atime1: 65535
        atime2: 0
        atime3: 0
        atime4: 0
        atime5: 0
        atime6: 0
        atime7: 0
        m_NumColorKeys: 2
        m_NumAlphaKeys: 2
      minGradient:
        key0:
          serializedVersion: 2
          rgba: 4294967295
        key1:
          serializedVersion: 2
          rgba: 4294967295
        key2:
          serializedVersion: 2
          rgba: 0
        key3:
          serializedVersion: 2
          rgba: 0
        key4:
          serializedVersion: 2
          rgba: 0
        key5:
          serializedVersion: 2
          rgba: 0
        key6:
          serializedVersion: 2
          rgba: 0
        key7:
          serializedVersion: 2
          rgba: 0
        ctime0: 0
        ctime1: 65535
        ctime2: 0
        ctime3: 0
        ctime4: 0
        ctime5: 0
        ctime6: 0
        ctime7: 0
        atime0: 0
        atime1: 65535
        atime2: 0
        atime3: 0
        atime4: 0
        atime5: 0
        atime6: 0
        atime7: 0
        m_NumColorKeys: 2
        m_NumAlphaKeys: 2
      minColor:
        serializedVersion: 2
        rgba: 4294967295
      maxColor:
        serializedVersion: 2
        rgba: 4294967295
      minMaxState: 1
  UVModule:
    enabled: 0
    frameOverTime:
      scalar: 1
      maxCurve:
        serializedVersion: 2
        m_Curve:
        - time: 0
          value: 0
          inSlope: 0
          outSlope: 1
          tangentMode: 0
        - time: 1
          value: 1
          inSlope: 1
          outSlope: 0
          tangentMode: 0
        m_PreInfinity: 2
        m_PostInfinity: 2
      minCurve:
        serializedVersion: 2
        m_Curve:
        - time: 0
          value: 0
          inSlope: 0
          outSlope: 1
          tangentMode: 0
        - time: 1
          value: 1
          inSlope: 1
          outSlope: 0
          tangentMode: 0
        m_PreInfinity: 2
        m_PostInfinity: 2
      minMaxState: 1
    tilesX: 1
    tilesY: 1
    animationType: 0
    rowIndex: 0
    cycles: 1
    randomRow: 1
  VelocityModule:
    enabled: 0
    x:
      scalar: 0
      maxCurve:
        serializedVersion: 2
        m_Curve:
        - time: 0
          value: 1
          inSlope: 0
          outSlope: 0
          tangentMode: 0
        - time: 1
          value: 1
          inSlope: 0
          outSlope: 0
          tangentMode: 0
        m_PreInfinity: 2
        m_PostInfinity: 2
      minCurve:
        serializedVersion: 2
        m_Curve:
        - time: 0
          value: 0
          inSlope: 0
          outSlope: 0
          tangentMode: 0
        - time: 1
          value: 0
          inSlope: 0
          outSlope: 0
          tangentMode: 0
        m_PreInfinity: 2
        m_PostInfinity: 2
      minMaxState: 0
    y:
      scalar: 0
      maxCurve:
        serializedVersion: 2
        m_Curve:
        - time: 0
          value: 1
          inSlope: 0
          outSlope: 0
          tangentMode: 0
        - time: 1
          value: 1
          inSlope: 0
          outSlope: 0
          tangentMode: 0
        m_PreInfinity: 2
        m_PostInfinity: 2
      minCurve:
        serializedVersion: 2
        m_Curve:
        - time: 0
          value: 0
          inSlope: 0
          outSlope: 0
          tangentMode: 0
        - time: 1
          value: 0
          inSlope: 0
          outSlope: 0
          tangentMode: 0
        m_PreInfinity: 2
        m_PostInfinity: 2
      minMaxState: 0
    z:
      scalar: 0
      maxCurve:
        serializedVersion: 2
        m_Curve:
        - time: 0
          value: 1
          inSlope: 0
          outSlope: 0
          tangentMode: 0
        - time: 1
          value: 1
          inSlope: 0
          outSlope: 0
          tangentMode: 0
        m_PreInfinity: 2
        m_PostInfinity: 2
      minCurve:
        serializedVersion: 2
        m_Curve:
        - time: 0
          value: 0
          inSlope: 0
          outSlope: 0
          tangentMode: 0
        - time: 1
          value: 0
          inSlope: 0
          outSlope: 0
          tangentMode: 0
        m_PreInfinity: 2
        m_PostInfinity: 2
      minMaxState: 0
    inWorldSpace: 0
  ForceModule:
    enabled: 0
    x:
      scalar: 1
      maxCurve:
        serializedVersion: 2
        m_Curve:
        - time: 0
          value: 1
          inSlope: 0
          outSlope: 0
          tangentMode: 0
        m_PreInfinity: 2
        m_PostInfinity: 2
      minCurve:
        serializedVersion: 2
        m_Curve:
        - time: 0
          value: 0
          inSlope: 0
          outSlope: 0
          tangentMode: 0
        - time: 1
          value: 0
          inSlope: 0
          outSlope: 0
          tangentMode: 0
        m_PreInfinity: 2
        m_PostInfinity: 2
      minMaxState: 1
    y:
      scalar: 1
      maxCurve:
        serializedVersion: 2
        m_Curve:
        - time: 0
          value: 1
          inSlope: 0
          outSlope: 0
          tangentMode: 0
        - time: 1
          value: .0270268917
          inSlope: 0
          outSlope: 0
          tangentMode: 0
        m_PreInfinity: 2
        m_PostInfinity: 2
      minCurve:
        serializedVersion: 2
        m_Curve:
        - time: 0
          value: 0
          inSlope: 0
          outSlope: 0
          tangentMode: 0
        - time: 1
          value: 0
          inSlope: 0
          outSlope: 0
          tangentMode: 0
        m_PreInfinity: 2
        m_PostInfinity: 2
      minMaxState: 1
    z:
      scalar: 1
      maxCurve:
        serializedVersion: 2
        m_Curve:
        - time: .0105263162
          value: 1
          inSlope: 0
          outSlope: 0
          tangentMode: 0
        m_PreInfinity: 2
        m_PostInfinity: 2
      minCurve:
        serializedVersion: 2
        m_Curve:
        - time: 0
          value: 0
          inSlope: 0
          outSlope: 0
          tangentMode: 0
        - time: 1
          value: 0
          inSlope: 0
          outSlope: 0
          tangentMode: 0
        m_PreInfinity: 2
        m_PostInfinity: 2
      minMaxState: 1
    inWorldSpace: 0
    randomizePerFrame: 0
  ExternalForcesModule:
    enabled: 0
    multiplier: 1
  ClampVelocityModule:
    enabled: 0
    x:
      scalar: 1
      maxCurve:
        serializedVersion: 2
        m_Curve:
        - time: 0
          value: 1
          inSlope: 0
          outSlope: 0
          tangentMode: 0
        - time: 1
          value: 1
          inSlope: 0
          outSlope: 0
          tangentMode: 0
        m_PreInfinity: 2
        m_PostInfinity: 2
      minCurve:
        serializedVersion: 2
        m_Curve:
        - time: 0
          value: 0
          inSlope: 0
          outSlope: 0
          tangentMode: 0
        - time: 1
          value: 0
          inSlope: 0
          outSlope: 0
          tangentMode: 0
        m_PreInfinity: 2
        m_PostInfinity: 2
      minMaxState: 0
    y:
      scalar: 1
      maxCurve:
        serializedVersion: 2
        m_Curve:
        - time: 0
          value: 1
          inSlope: 0
          outSlope: 0
          tangentMode: 0
        - time: 1
          value: 1
          inSlope: 0
          outSlope: 0
          tangentMode: 0
        m_PreInfinity: 2
        m_PostInfinity: 2
      minCurve:
        serializedVersion: 2
        m_Curve:
        - time: 0
          value: 0
          inSlope: 0
          outSlope: 0
          tangentMode: 0
        - time: 1
          value: 0
          inSlope: 0
          outSlope: 0
          tangentMode: 0
        m_PreInfinity: 2
        m_PostInfinity: 2
      minMaxState: 0
    z:
      scalar: 1
      maxCurve:
        serializedVersion: 2
        m_Curve:
        - time: 0
          value: 1
          inSlope: 0
          outSlope: 0
          tangentMode: 0
        - time: 1
          value: 1
          inSlope: 0
          outSlope: 0
          tangentMode: 0
        m_PreInfinity: 2
        m_PostInfinity: 2
      minCurve:
        serializedVersion: 2
        m_Curve:
        - time: 0
          value: 0
          inSlope: 0
          outSlope: 0
          tangentMode: 0
        - time: 1
          value: 0
          inSlope: 0
          outSlope: 0
          tangentMode: 0
        m_PreInfinity: 2
        m_PostInfinity: 2
      minMaxState: 0
    magnitude:
      scalar: 1
      maxCurve:
        serializedVersion: 2
        m_Curve:
        - time: 0
          value: 1
          inSlope: 0
          outSlope: 0
          tangentMode: 0
        - time: 1
          value: 1
          inSlope: 0
          outSlope: 0
          tangentMode: 0
        m_PreInfinity: 2
        m_PostInfinity: 2
      minCurve:
        serializedVersion: 2
        m_Curve:
        - time: 0
          value: 0
          inSlope: 0
          outSlope: 0
          tangentMode: 0
        - time: 1
          value: 0
          inSlope: 0
          outSlope: 0
          tangentMode: 0
        m_PreInfinity: 2
        m_PostInfinity: 2
      minMaxState: 0
    separateAxis: 0
    inWorldSpace: 0
    dampen: 1
  SizeBySpeedModule:
    enabled: 0
    curve:
      scalar: 1
      maxCurve:
        serializedVersion: 2
        m_Curve:
        - time: 0
          value: 1
          inSlope: 0
          outSlope: 0
          tangentMode: 0
        - time: 1
          value: 1
          inSlope: 0
          outSlope: 0
          tangentMode: 0
        m_PreInfinity: 2
        m_PostInfinity: 2
      minCurve:
        serializedVersion: 2
        m_Curve:
        - time: 0
          value: 0
          inSlope: 0
          outSlope: 0
          tangentMode: 0
        - time: 1
          value: 0
          inSlope: 0
          outSlope: 0
          tangentMode: 0
        m_PreInfinity: 2
        m_PostInfinity: 2
      minMaxState: 1
    range: {x: 0, y: 1}
  RotationBySpeedModule:
    enabled: 0
    curve:
      scalar: .785398185
      maxCurve:
        serializedVersion: 2
        m_Curve:
        - time: 0
          value: 1
          inSlope: 0
          outSlope: 0
          tangentMode: 0
        - time: 1
          value: 1
          inSlope: 0
          outSlope: 0
          tangentMode: 0
        m_PreInfinity: 2
        m_PostInfinity: 2
      minCurve:
        serializedVersion: 2
        m_Curve:
        - time: 0
          value: 0
          inSlope: 0
          outSlope: 0
          tangentMode: 0
        - time: 1
          value: 0
          inSlope: 0
          outSlope: 0
          tangentMode: 0
        m_PreInfinity: 2
        m_PostInfinity: 2
      minMaxState: 0
    range: {x: 0, y: 1}
  ColorBySpeedModule:
    enabled: 0
    gradient:
      maxGradient:
        key0:
          serializedVersion: 2
          rgba: 4294967295
        key1:
          serializedVersion: 2
          rgba: 4294967295
        key2:
          serializedVersion: 2
          rgba: 0
        key3:
          serializedVersion: 2
          rgba: 0
        key4:
          serializedVersion: 2
          rgba: 0
        key5:
          serializedVersion: 2
          rgba: 0
        key6:
          serializedVersion: 2
          rgba: 0
        key7:
          serializedVersion: 2
          rgba: 0
        ctime0: 0
        ctime1: 65535
        ctime2: 0
        ctime3: 0
        ctime4: 0
        ctime5: 0
        ctime6: 0
        ctime7: 0
        atime0: 0
        atime1: 65535
        atime2: 0
        atime3: 0
        atime4: 0
        atime5: 0
        atime6: 0
        atime7: 0
        m_NumColorKeys: 2
        m_NumAlphaKeys: 2
      minGradient:
        key0:
          serializedVersion: 2
          rgba: 4294967295
        key1:
          serializedVersion: 2
          rgba: 4294967295
        key2:
          serializedVersion: 2
          rgba: 0
        key3:
          serializedVersion: 2
          rgba: 0
        key4:
          serializedVersion: 2
          rgba: 0
        key5:
          serializedVersion: 2
          rgba: 0
        key6:
          serializedVersion: 2
          rgba: 0
        key7:
          serializedVersion: 2
          rgba: 0
        ctime0: 0
        ctime1: 65535
        ctime2: 0
        ctime3: 0
        ctime4: 0
        ctime5: 0
        ctime6: 0
        ctime7: 0
        atime0: 0
        atime1: 65535
        atime2: 0
        atime3: 0
        atime4: 0
        atime5: 0
        atime6: 0
        atime7: 0
        m_NumColorKeys: 2
        m_NumAlphaKeys: 2
      minColor:
        serializedVersion: 2
        rgba: 4294967295
      maxColor:
        serializedVersion: 2
        rgba: 4294967295
      minMaxState: 1
    range: {x: 0, y: 1}
  CollisionModule:
    enabled: 0
    type: 1
    plane0: {fileID: 0}
    plane1: {fileID: 0}
    plane2: {fileID: 0}
    plane3: {fileID: 0}
    plane4: {fileID: 0}
    plane5: {fileID: 0}
    dampen: .349999994
    bounce: 1
    energyLossOnCollision: 0
    minKillSpeed: 0
    particleRadius: .00999999978
    collidesWith:
      serializedVersion: 2
      m_Bits: 4294967295
    quality: 0
    voxelSize: 2.6500001
    collisionMessages: 0
  SubModule:
    enabled: 0
    subEmitterBirth: {fileID: 0}
    subEmitterBirth1: {fileID: 0}
    subEmitterCollision: {fileID: 0}
    subEmitterCollision1: {fileID: 0}
    subEmitterDeath: {fileID: 0}
    subEmitterDeath1: {fileID: 0}
--- !u!199 &19900000
ParticleSystemRenderer:
  m_ObjectHideFlags: 1
  m_PrefabParentObject: {fileID: 0}
  m_PrefabInternal: {fileID: 100100000}
  m_GameObject: {fileID: 100022}
  m_Enabled: 1
  m_CastShadows: 1
  m_ReceiveShadows: 1
  m_LightmapIndex: 255
  m_LightmapTilingOffset: {x: 1, y: 1, z: 0, w: 0}
  m_Materials:
  - {fileID: 2100000, guid: 1f93c8ffd29cc5846919ba88c8aef32e, type: 2}
  m_SubsetIndices: 
  m_StaticBatchRoot: {fileID: 0}
  m_UseLightProbes: 0
  m_LightProbeAnchor: {fileID: 0}
  m_ScaleInLightmap: 1
  m_SortingLayerID: 0
  m_SortingOrder: 0
  m_RenderMode: 0
  m_MaxParticleSize: .5
  m_CameraVelocityScale: 0
  m_VelocityScale: 0
  m_LengthScale: 2
  m_SortingFudge: 0
  m_NormalDirection: 1
  m_SortMode: 0
  m_Mesh: {fileID: 0}
  m_Mesh1: {fileID: 0}
  m_Mesh2: {fileID: 0}
  m_Mesh3: {fileID: 0}
--- !u!1001 &100100000
Prefab:
  m_ObjectHideFlags: 1
  serializedVersion: 2
  m_Modification:
    m_TransformParent: {fileID: 0}
    m_Modifications: []
    m_RemovedComponents: []
  m_ParentPrefab: {fileID: 0}
  m_RootGameObject: {fileID: 100042}
  m_IsPrefabParent: 1
  m_IsExploded: 1
